@book{MitchelGA,
 author = {Mitchell, Melanie},
 title = {An  Introduction to Genetic Algorithms},
 year = {1998},
 isbn = {0262631857},
 publisher = {MIT Press},
 address = {Cambridge, MA, USA},
} 